@article{AF98,
  author =      "J. Avigad and S. Feferman",
  title =       {G\"odels's functional ("{D}ialectica") interpretation {\em in}
{S}. {R}. {B}uss (Editor): Handbook of proof theory},
  year =        {1998},
  volume = "137",
  journal = {Studies in Logic and the foundations of mathematics},
  pages =       {337--405},
  publisher = "Elsevier Science B.V."
}

@article{Bezem85,
  author  = "M. Bezem",
  title   = {Strongly Majorizable Functionals of Finite Type: 
             A Model for Bar Recursion Containing Disonctinuous Functionals},
  journal = "The Journal of Symbolic Logic",
  volume  = {50},
  pages   = "652--660",
  year    = "1985"
}

@article{Briseid05,
  author  = "E. M. Briseid",
  title   = "Proof Mining Applied to Fixed Point Theorems for Mappings of Contractive Type",
  journal = "Master Thesis at Department of Mathematics at the University of Oslo",
  year    = "2005"
}

@article{Briseid07,
  author  = "E. M. Briseid",
  title   = "Some results on {K}irk's asymptotic contractions",
  journal = "Fixed Point Theory",
  volume  = {8},
  pages   = "17--27",
  year    = "2007"
}

@article{Briseid07b,
  author  = "E. M. Briseid",
  title   = "Addendum to paper: Some results on {K}irk's asymptotic contractions",
  journal = "Fixed Point Theory",
  volume  = {8},
  pages   = "321--322",
  year    = "2007"
}

@book{Feferman77,
  author =      "S. Feferman",
  title =       {Theories of finite type related to mathematical practice {\em in}
{J}. {B}arwise (Editor): Handbook of Mathematical Logic},
  year =        {1977},
  pages =       {913--972},
  publisher = "North Holland, Amsterdam"
}

@book{GerhardyX,
  author  = "P. Gerhardy",
  title   = {Functional interpretation and modified realizability interpretation 
of the double-negation shift},
  series = "{P}reprint",
  publisher = "BRICS, Department of Computer Science, University of Aarhus, Denmark",
  year    = "2006"
}

@article{Gerhardy06,
  author  = "P. Gerhardy",
  title   = {A quantitative version of {K}irk's fixed point theorem for
asymptotic contractions.},
  journal = {J. Math. Anal. Appl.},
  volume = "316",
  pages = "339--345",
  year    = "2006"
}


@article{Goedel33,
  author  = {K. G\"odel},
  title   = {Zur intuitionistischen {A}rithmetik und {Z}ahlentheorie},
  journal = {Ergebnisse eines Mathematischen Kolloquiums},
  volume = "4",
  pages = "34--38",
  year    = "1933"
}

@article{Goedel58,
  author  = {K. G\"odel},
  title   = {\"{U}ber eine bisher noch nicht ben\"utzte {E}rweiterung des finiten {S}tandpunktes},
  journal = "Dialectica",
  volume = "12",
  pages = "280--287",
  year    = "1958"
}

@article{Howard81,
  author  = "W. A. Howard",
  title   = "Ordinal analysis of simple cases of bar recursion",
  journal = "The Journal of Symbolic Logic",
  volume  = {46},
  pages   = "17--31",
  year    = 1981
}

@article{Howard80,
  author  = "W. A. Howard",
  title   = "Ordinal analysis of terms of finite type",
  journal = "The Journal of Symbolic Logic",
  volume  = {45},
  pages   = "493--504",
  year    = 1980
}

@article{Howard68,
  author  = "W. A. Howard",
  title   = "Functional interpretation of bar induction by bar recursion",
  journal = "Compositio Mathematica",
  volume  = {20},
  pages   = "107--124",
  year    = "1968"
}

@inproceedings{Howard73,
  author =      "W. A. Howard",
  title =       {Hereditarily majorizable functionals of finite type},
  year =        {1973},
  booktitle =   {A.S. Troelstra (Editor): 
                 Mathematical Investigation of Intuitionistic Arithmetic and Analysis},
  pages =       {454--461},
  publisher = "Springer-Varlag, Berlin $\cdot$ Heidelberg $\cdot$ New York"
}

@book{Kleene52,
  author    = {S. C. Kleene},
  title     = {Introduction to mathematics.},
  series    = {},
  publisher = {North-Holland Publ. Co. (Amsterdam), P. Noordhoff (Gronigen), D. van Nostrand (New York, Toronto)},
  year      = {1952} 
}

@article{Kleene59,
  author  = "S. C. Kleene",
  title   = {Recursive functionals and quantfiers of finite types},
  journal = "I. Trans. Amer. Math. Soc.",
  volume  = {91},
  pages   = "1--52",
  year    = "1959"
}

@book{Kohlenbach06,
  author    = {U. Kohlenbach},
  title     = {Applied Proof Theory: Proof Interpretations and their use in Mathematics.},
  series    = {To appear as: Springer Monographs in Mathematics},
  publisher = "Springer-Varlag, Berlin $\cdot$ Heidelberg $\cdot$ New York",
  year      = {2008} 
}

@article{KPH92,
  author    = {U. Kohlenbach},
  title     = {Pointwise hereditary majorization and some applications},
  journal = "Archive for Mathematical Logic",
  volume  = {31},
  pages   = "227--241",
  year    = 1992
}

@article{Kohlenbach92,
  author  = "U. Kohlenbach",
  title   = {Effective bounds from ineffective proofs in analysis: 
                  an application of functional interpretation and majorization},
  journal = "The Journal of Symbolic Logic",
  volume  = {57},
  pages   = "1239--1273",
  year    = "1992"
}

@article{Kohlenbach93,
  author  = "U. Kohlenbach",
  title   = {New effective moduli of uniqueness and uniform a-priori
estimates for constants of strong unicity by logical analysis of known
proofs in best approximation theory.},
  journal = "Numer. Funct. Anal. and Optimiz.",
  volume  = {14},
  pages   = "581--606",
  year    = 1993
}


@article{Kohlenbach98,
  author  = "U. Kohlenbach",
  title =       {Arithmetizing proofs in analysis {\em in}
{L}arrazabal, {J.M.}, {L}ascar, {D}., {M}ints, {G}. (Editors): Logic Colloquium '96},
  year =        {1998},
  volume = "12",
  journal = {Springer Lecture Notes in Logic},
  pages =       {115--158},
  publisher = ""
}

@inproceedings{Kohlenbach96,
  author  = "U. Kohlenbach",
  title =       {Analyzing proofs in analysis.},
  year =        {1996},
  booktitle = {W. Hodges, M. Hyland, C. Steinhorn, J. Truss, Editors, Logic: from Foundations to Applications {\em at} European Logic Colloquium (Keele, 1993) },
  pages =       {225--260},
  publisher = "Oxford University Press"
}

@article{Kohlenbach99,
  author  = "U. Kohlenbach",
  title   = {On the No-Counterexample Interpretation},
  journal = "The Journal of Symbolic Logic",
  volume  = {64},
  pages   = "1491--1511",
  year    = "1999"
}

@article{Kohlenbach00,
  author  = "U. Kohlenbach",
  title   = {Things that can and things that cannot be done in {PRA}.},
  journal = "Ann. Pure Applied Logic",
  volume  = {102},
  pages   = "223--245",
  year    = "2000"
}

@article{Kohlenbach03,
  author  = "U. Kohlenbach",
  title   = {Uniform asymptotic regularity for Mann iterates.},
  journal = "J. Math. Anal. Appl.",
  volume  = {279},
  pages   = "531--544",
  year    = "2003"
}

@inproceedings{Kohlenbach05,
  author  = "U. Kohlenbach",
  title   = {Effective bounds from proofs in abstract functional analysis.},
  year    = "2008",
  booktitle = {Final version to appear in: Cooper, B., Loewe, B., Sorbi, A. (eds.), 
`New Computational Paradigms: Changing Conceptions of What is Computable'. },
  publisher = " Springer Publisher",
  pages   = "223--258"
}

@article{Kohlenbach05fpt,
  author  = "U. Kohlenbach",
  title   = {Some computational aspects of metric fixed-point theory.},
  journal = "Nonlinear Analysis",
  volume  = {61},
  pages   = "823--837",
  year    = "2005"
}

 
@inproceedings{KO02,
  author =      "Kohlenbach,U. and Oliva,P.",
  title =       {Proof Mining: A systematic way of analyzing proofs in
  mathematics.},
  year =        {2003},
  booktitle =   {Proceedings of the Steklov Institute of Mathematics, Vol. 242},
  pages =       {136--164}
}

@article{KO03,
  author =      "Kohlenbach,U. and Oliva,P.",
  title   = {Proof mining in ${L}_1$\nbd appro\-xim\-ation.},
  journal = "Ann. Pure Appl. Logic",
  volume  = {121},
  pages   = "1--38",
  year    = "2003"
}

@article{KL03,
  author =      "Kohlenbach,U. and Leustean,L.",
  title   = {Mann iterates of directionally nonexpansive mappings in hyperbolic spaces.},
  journal = "Abstract and Appl. Analysis",
  volume  = {8},
  pages   = "449--477",
  year    = "2003"
}
@article{KL07,
  author =      "Kohlenbach,U. and Leustean,L.",
  title   = {The approximate fixed point property in product spaces},
  journal = "Nonlinear Analysis",
  volume  = {66},
  pages   = "806--818",
  year    = "2007"
}


@article{Kreisel51,
  author  = {G. Kreisel},
  title   = {On the interpretation of non-finitist proofs, part {I}},
  journal = {The Journal of Symbolic Logic},
  volume = "16",
  pages = "241--267",
  year    = "1951"
}

@article{Kreisel52,
  author  = {G. Kreisel},
  title   = {On the interpretation of non-finitist proofs, part {II}},
  journal = {The Journal of Symbolic Logic},
  volume = "17",
  pages = "43--58",
  year    = "1952"
}


@article{Kuroda51,
  author  = {S. Kuroda},
  title   = {Intuitionistische {U}ntersuchungen der formalistischen {L}ogik},
  journal = "Nagoya Math.",
  volume = "2",
  pages = "35--47",
  year    = "1951"
}

@book{Kuratowski52,
  author    = {C. Kuratowski},
  title     = {Topologie Vol. {I}},
  year      = "1952",
  publisher = "Warsawa"
}


@article{Luckhardt73,
  author="H. Luckhardt",
  title={Extensional {G}\"odel functional interpretation.},
  journal= {Springer Lecture Notes in Mathematics},
  volume= {vol. 306},
  year= "1973"
}

@book{Odifreddi89,
  author  = "P. G. Odifreddi",
  title   = {Classical Recursion Theory},
  series = "Studies in Logic and the Foundations of Mathematics",
  publisher = "Elsevier Science B.V.",
  year    = "1989"
}

@inproceedings{Oliva06,
   AUTHOR= {P. Oliva},
   TITLE= {Understanding and using {S}pector's bar recursive interpretation of classical analysis},
   BOOKTITLE= {Proceedings of CiE'2006},
   YEAR= {2006},
   PAGES= {423--434},
   PUBLISHER= {Springer 3988},
   SERIES= {Lecture Notes in Computer Science}
}

@book{PH77,
  author =      "Paris, J. and Harrington, L.",
  title =       {A Mathematical Incompleteness in Peano Arithmetic. {\em In}
J.~Barwise (Editor): Handbook of Mathematical Logic},
  year =        {1977},
  publisher = "North Holland, Amsterdam"
}

@article{Parsons71,
  author  = {C. Parsons},
  title   = {Proof-theoretic analysis of restricted induction schemata (abstract)},
  journal = {The Journal of Symbolic Logic},
  volume = "36",
  pages = "361",
  year    = "1971"
}

@article{Parsons72,
  author  = {C. Parsons},
  title   = {On n-quantifier induction.},
  journal = {The Journal of Symbolic Logic},
  volume = "37",
  pages = "466--482",
  year    = "1972"
}


@article{Scarpellini71,
  author  = "B. Scarpellini",
  title   = {A model of bar recursion of higher types.},
  journal = "Compositio Mathematica",
  volume  = {23},
  pages   = "123--153",
  year    = "1971"
}

@article{Schuette60,
  author =      {K. Sch{\"u}tte},
  title =       {Beweistheorie},
  journal =     "Die Grundlehren der Mathematischen Wissenschaften in Einzeldarstellungen",
  volume  =     {103},
  year =        {1960},
  pages   =     "1--355",
  publisher =   "Springer Verlag"
}

@article{Schwichtenberg79,
  author  = "H. Schwichtenberg",
  title   = {On Bar Recursion of Types $0$ and $1$},
  journal = "The Journal of Symbolic Logic",
  volume  = {44},
  pages   = "325--329",
  year    = "1979"
}

@article{Schwichtenberg07,
  author  = "H. Schwichtenberg",
  title   = {Dialectica Interpretation of Well-Founded Induction.},
  journal = "To appear: Mathematical Logic Quarterly",
}


@book{Simpson99,
  editor  = "S. G. Simpson",
  title   = {Subsystems of Second Order Arithmetic},
  series = "Perspectives in Mathematical Logic",
  publisher = "Springer-Varlag, Berlin $\cdot$ Heidelberg $\cdot$ New York",
  year    = "1999"
}

@inproceedings{Spector62,
  author =      {C. Spector},
  title =       {Provably recursive functionals of analysis: a consistency proof
  of an analysis by extension of principles formulated in current intuitionistic
  mathematics.},
  year =        {1962},
  booktitle =   {Recursive function Theory, Proceedings of Symposia in Pure
  Mathematics, vol. 5 (J.C.E. Dekker (ed.)), AMS, Providence, R.I.},
  pages =       {1--27}
}

@inproceedings{Tait76,
  author =      {W. W. Tait},
  title =       {Constructive reasoning},
  year =        {1976},
  booktitle =   {Logic, methodology and the philosophy of science. {III}, 
(B. van Rootselaar and J. F. Staal (ed.)), North-Holland, Amsterdam},
  pages =       {185--199}
}

@book{Tao07,
  author = {T. Tao},
  title = {Soft analysis, hard analysis, and the finite convergence principle.},
  publisher = {Available at: http://terrytao.wordpress.com/2007/05/23/soft-analysis-hard-analysis-and-the-finite-convergence-principle},
  year = { Essay posted May 23, 2007}
}

@book{tao-2007,
  author = {Terence Tao},
  title = {Norm convergence of multiple ergodic averages for commuting   transformations},
  url = {http://www.citebase.org/abstract?id=oai:arXiv.org:0707.1117},
  year = {2007}
}

@book{Troelstra73,
  editor  = "A. S. Troelstra",
  title   = {Mathematical Investigation of Intuitionistic Arithmetic and Analysis},
  series = "Springer Lecture Notes in Mathematics, vol. 344",
  publisher = "",
  year    = "1973"
}

@book{Troelstra88,
  author  = "A. S. Troelstra and D. van Dalen",
  title   = {Constructivism in Mathematics - an introduction vol.~{I},~{II}},
  series = "Studies in Logic and the Foundations of Mathematics",
  publisher = "Elsevier Science B.V.",
  year    = "1988"
}

@article{Troelstra74,
  author  = {A. S. Troelstra},
  title   = {Note on the Fan Theorem},
  journal = {The Journal of Symbolic Logic},
  volume = "39",
  pages = "584--596",
  year    = "1974"
}
