% This file was created with JabRef 2.6.
% Encoding: Cp1252

@INCOLLECTION{avigad05,
  author = {Avigad, J.},
  title = {Weak theories of nonstandard arithmetic and analysis},
  booktitle = {Reverse mathematics 2001},
  publisher = {Assoc. Symbol. Logic},
  year = {2005},
  volume = {21},
  series = {Lect. Notes Log.},
  pages = {19--46},
  address = {La Jolla, CA},
  mrclass = {03F35 (03B30 03F60 26E35)},
  mrnumber = {2185426 (2006g:03098)}
}

@ARTICLE{avigadhelzner02,
  author = {Avigad, J. and Helzner, J.},
  title = {Transfer principles in nonstandard intuitionistic arithmetic},
  journal = {Arch. Math. Logic},
  year = {2002},
  volume = {41},
  pages = {581--602},
  number = {6},
  coden = {AMLOEH},
  doi = {10.1007/s001530100109},
  fjournal = {Archive for Mathematical Logic},
  issn = {0933-5846},
  mrclass = {03G30 (03F50 11U10 18F10)},
  mrnumber = {1923197 (2003g:03108)},
  mrreviewer = {Peter Johnstone},
  url = {http://dx.doi.org/10.1007/s001530100109}
}

@BOOK{Kohlenbach08,
  title = {Applied proof theory: proof interpretations and their use in mathematics},
  publisher = {Springer-Verlag},
  year = {2008},
  author = {Kohlenbach, U.},
  pages = {xx+532},
  series = {Springer Monographs in Mathematics},
  address = {Berlin},
  isbn = {978-3-540-77532-4},
  mrclass = {03-02 (03Fxx 41A50 46Bxx 47Hxx 54E35)},
  mrnumber = {2445721 (2009k:03003)},
  mrreviewer = {H. Schwichtenberg}
}

@ARTICLE{moerdijk95,
  author = {Moerdijk, I.},
  title = {A model for intuitionistic non-standard arithmetic},
  journal = {Ann. Pure Appl. Logic},
  year = {1995},
  volume = {73},
  pages = {37--51},
  number = {1},
  coden = {APALD7},
  doi = {10.1016/0168-0072(93)E0071-U},
  fjournal = {Annals of Pure and Applied Logic},
  issn = {0168-0072},
  mrclass = {03G30 (03C90 03F55)},
  mrnumber = {1332549 (96k:03145)},
  mrreviewer = {Wim Ruitenburg},
  url = {http://dx.doi.org/10.1016/0168-0072(93)E0071-U}
}

@ARTICLE{moerdijkpalmgren97,
  author = {Moerdijk, I. and Palmgren, E.},
  title = {Minimal models of {H}eyting arithmetic},
  journal = {J. Symbolic Logic},
  year = {1997},
  volume = {62},
  pages = {1448--1460},
  number = {4},
  coden = {JSYLA6},
  doi = {10.2307/2275651},
  fjournal = {The Journal of Symbolic Logic},
  issn = {0022-4812},
  mrclass = {03F30 (03C62 03F55)},
  mrnumber = {1617996 (99i:03074)},
  mrreviewer = {Roman Murawski},
  url = {http://dx.doi.org/10.2307/2275651}
}

@ARTICLE{nelson88,
  author = {Nelson, E.},
  title = {The syntax of nonstandard analysis},
  journal = {Ann. Pure Appl. Logic},
  year = {1988},
  volume = {38},
  pages = {123--134},
  number = {2},
  coden = {APALD7},
  doi = {10.1016/0168-0072(88)90050-4},
  fjournal = {Annals of Pure and Applied Logic},
  issn = {0168-0072},
  mrclass = {03H05 (03E70)},
  mrnumber = {938372 (89i:03121)},
  mrreviewer = {A. Sochor},
  url = {http://dx.doi.org/10.1016/0168-0072(88)90050-4}
}

@ARTICLE{nelson77,
  author = {Nelson, E.},
  title = {Internal set theory: a new approach to nonstandard analysis},
  journal = {Bull. Amer. Math. Soc.},
  year = {1977},
  volume = {83},
  pages = {1165--1198},
  number = {6},
  fjournal = {Bulletin of the American Mathematical Society},
  issn = {0002-9904},
  mrclass = {02K10 (26A98)},
  mrnumber = {0469763 (57 \#9544)},
  mrreviewer = {Albert E. Hurd}
}

@ARTICLE{palmgren98,
  author = {Palmgren, E.},
  title = {Developments in constructive nonstandard analysis},
  journal = {Bull. Symbolic Logic},
  year = {1998},
  volume = {4},
  pages = {233--272},
  number = {3},
  doi = {10.2307/421031},
  fjournal = {The Bulletin of Symbolic Logic},
  issn = {1079-8986},
  mrclass = {03F60 (03C90 03F50 03H05 18B25 18F10)},
  mrnumber = {1650475 (2000b:03218)},
  mrreviewer = {R. Gylys},
  url = {http://dx.doi.org/10.2307/421031}
}

@ARTICLE{streicherkohlenbach07,
  author = {Streicher, T. and Kohlenbach, U.},
  title = {{S}hoenfield is {G}\"odel after {K}rivine},
  journal = {Mathematical Logic Quarterly},
  year = {2007},
  volume = {53},
  pages = {176--179},
  number = {2},
  issn = {1521-3870},
  keywords = {Functional interpretation, negative translation},
  owner = {safarik},
  publisher = {WILEY-VCH Verlag},
  timestamp = {2011.02.03},
  url = {http://dx.doi.org/10.1002/malq.200610038}
}

@ARTICLE{streicherreus98,
  author = {Streicher, T. and Reus, B.},
  title = {Classical logic, continuation semantics and abstract machines},
  journal = {Journal of Functional Programming},
  year = {1998},
  volume = {8},
  pages = {543--572},
  number = {06},
  owner = {safarik},
  timestamp = {2011.02.03}
}

@BOOK{troelstra73,
  title = {Metamathematical investigation of intuitionistic arithmetic and analysis},
  publisher = {Springer-Verlag},
  year = {1973},
  editor = {Troelstra, A. S.},
  pages = {xvii+485},
  series = {Lecture Notes in Mathematics, Vol. 344},
  address = {Berlin},
  mrclass = {02CXX (02DXX 02HXX)},
  mrnumber = {0325352 (48 \#3699)}
}

@article {kuroda51,
    AUTHOR = {Kuroda, S.},
     TITLE = {Intuitionistische {U}ntersuchungen der formalistischen
              {L}ogik},
   JOURNAL = {Nagoya Math. J.},
  FJOURNAL = {Nagoya Mathematical Journal},
    VOLUME = {2},
      YEAR = {1951},
     PAGES = {35--47},
      ISSN = {0027-7630},
   MRCLASS = {02.0X},
  MRNUMBER = {0041801 (13,4b)},
MRREVIEWER = {A. Heyting},
}


@article {krivine90,
    AUTHOR = {Krivine, J.-L.},
     TITLE = {Op\'erateurs de mise en m\'emoire et traduction de {G}\"odel},
   JOURNAL = {Arch. Math. Logic},
  FJOURNAL = {Archive for Mathematical Logic},
    VOLUME = {30},
      YEAR = {1990},
    NUMBER = {4},
     PAGES = {241--267},
      ISSN = {0933-5846},
     CODEN = {AMLOEH},
   MRCLASS = {03B40 (03B70 68Q65)},
  MRNUMBER = {1080590 (91j:03011)},
MRREVIEWER = {Edmund Robinson},
       DOI = {10.1007/BF01792986},
       URL = {http://dx.doi.org/10.1007/BF01792986},
}

@article {robinson73,
    AUTHOR = {Robinson, A.},
     TITLE = {Metamathematical problems},
   JOURNAL = {J. Symbolic Logic},
  FJOURNAL = {The Journal of Symbolic Logic},
    VOLUME = {38},
      YEAR = {1973},
     PAGES = {500--516},
      ISSN = {0022-4812},
   MRCLASS = {02-02},
  MRNUMBER = {0337471 (49 \#2240)},
MRREVIEWER = {A. B. Manaster},
}

@book {robinson96,
    AUTHOR = {Robinson, A.},
     TITLE = {Non-standard analysis},
    SERIES = {Princeton Landmarks in Mathematics},
      NOTE = {Reprint of the second (1974) edition,
              With a foreword by Wilhelmus A. J. Luxemburg},
 PUBLISHER = {Princeton University Press},
   ADDRESS = {Princeton, NJ},
      YEAR = {1996},
     PAGES = {xx+293},
      ISBN = {0-691-04490-2},
   MRCLASS = {03H05 (00A05 01A75)},
  MRNUMBER = {1373196 (96j:03090)},
}

@incollection {kreisel69,
    AUTHOR = {Kreisel, G.},
     TITLE = {Axiomatizations of nonstandard analysis that are conservative
              extensions of formal systems for classical standard analysis},
 BOOKTITLE = {Applications of {M}odel {T}heory to {A}lgebra, {A}nalysis, and
              {P}robability ({I}nternat. {S}ympos., {P}asadena, {C}alif.,
              1967)},
     PAGES = {93--106},
 PUBLISHER = {Holt},
   ADDRESS = {Rinehart and Winston, New York},
      YEAR = {1969},
   MRCLASS = {02.57},
  MRNUMBER = {0238686 (39 \#50)},
MRREVIEWER = {J. Mycielski},
}

@article {palmgren00,
    AUTHOR = {Palmgren, E.},
     TITLE = {An effective conservation result for nonstandard arithmetic},
   JOURNAL = {MLQ Math. Log. Q.},
  FJOURNAL = {MLQ. Mathematical Logic Quarterly},
    VOLUME = {46},
      YEAR = {2000},
    NUMBER = {1},
     PAGES = {17--23},
      ISSN = {0942-5616},
   MRCLASS = {03H15 (03F30)},
  MRNUMBER = {1736646 (2001a:03130)},
MRREVIEWER = {Roman Murawski},
       DOI = {10.1002/(SICI)1521-3870(200001)46:1<17::AID-MALQ17>3.0.CO;2-8},
       URL =
              {http://dx.doi.org/10.1002/(SICI)1521-3870(200001)46:1<17::AID-MALQ17>3.0.CO;2-8},
}

@INCOLLECTION{kreisel67,
  author = {Kreisel, G.},
  title = {Informal rigour and completeness proofs},
  booktitle = {Problems in the Philosophy of Mathmematics},
  publisher = {North-Holland, Amsterdam},
  year = {1967},
  pages = {138--186},
  editor = {Lakatos, I.}
}

@book {shoenfield01,
    AUTHOR = {Shoenfield, J.R.},
     TITLE = {Mathematical logic},
      NOTE = {Reprint of the 1973 second printing},
 PUBLISHER = {Association for Symbolic Logic},
   ADDRESS = {Urbana, IL},
      YEAR = {2001},
     PAGES = {viii+344},
      ISBN = {1-56881-135-7},
   MRCLASS = {03-01},
  MRNUMBER = {1809685 (2001h:03003)},
}

@incollection {lifschitz85,
    AUTHOR = {Lifschitz, V.},
     TITLE = {Calculable natural numbers},
 BOOKTITLE = {Intensional mathematics},
    SERIES = {Stud. Logic Found. Math.},
    VOLUME = {113},
     PAGES = {173--190},
 PUBLISHER = {North-Holland},
   ADDRESS = {Amsterdam},
      YEAR = {1985},
   MRCLASS = {03F65 (03F50)},
  MRNUMBER = {783648 (86m:03093)},
MRREVIEWER = {Horst Luckhardt},
       DOI = {10.1016/S0049-237X(08)70143-5},
       URL = {http://dx.doi.org/10.1016/S0049-237X(08)70143-5},
}

@article {berger05,
    AUTHOR = {Berger, U.},
     TITLE = {Uniform {H}eyting arithmetic},
   JOURNAL = {Ann. Pure Appl. Logic},
  FJOURNAL = {Annals of Pure and Applied Logic},
    VOLUME = {133},
      YEAR = {2005},
    NUMBER = {1-3},
     PAGES = {125--148},
      ISSN = {0168-0072},
     CODEN = {APALD7},
   MRCLASS = {03F30 (03F55)},
  MRNUMBER = {2126156 (2006g:03096)},
       DOI = {10.1016/j.apal.2004.10.006},
       URL = {http://dx.doi.org/10.1016/j.apal.2004.10.006},
}

@incollection {hernest05,
    AUTHOR = {Hernest, M.-D.},
     TITLE = {Light functional interpretation: an optimization of
              {G}\"odel's technique towards the extraction of (more)
              efficient programs from (classical) proofs},
 BOOKTITLE = {Computer science logic},
    SERIES = {Lecture Notes in Comput. Sci.},
    VOLUME = {3634},
     PAGES = {477--492},
 PUBLISHER = {Springer},
   ADDRESS = {Berlin},
      YEAR = {2005},
   MRCLASS = {03F10 (03B70 03F07)},
  MRNUMBER = {2200579 (2006i:03084)},
       DOI = {10.1007/11538363_33},
       URL = {http://dx.doi.org/10.1007/11538363_33},
}

@article {hensonkeisler86,
    AUTHOR = {Henson, C.W. and Keisler, H.J.},
     TITLE = {On the strength of nonstandard analysis},
   JOURNAL = {J. Symbolic Logic},
  FJOURNAL = {The Journal of Symbolic Logic},
    VOLUME = {51},
      YEAR = {1986},
    NUMBER = {2},
     PAGES = {377--386},
      ISSN = {0022-4812},
     CODEN = {JSYLA6},
   MRCLASS = {03H15 (03F35 03H05)},
  MRNUMBER = {840415 (87k:03085)},
MRREVIEWER = {G. Asser},
       DOI = {10.2307/2274061},
       URL = {http://dx.doi.org/10.2307/2274061},
}

@incollection {keisler07,
    AUTHOR = {Keisler, H.J.},
     TITLE = {The strength of nonstandard analysis},
 BOOKTITLE = {The strength of nonstandard analysis},
     PAGES = {3--26},
 PUBLISHER = {SpringerWienNewYork, Vienna},
      YEAR = {2007},
   MRCLASS = {03H15 (03F35 03H05)},
  MRNUMBER = {2341411 (2008g:03114)},
MRREVIEWER = {Roman Kossak},
       DOI = {10.1007/978-3-211-49905-4_1},
       URL = {http://dx.doi.org/10.1007/978-3-211-49905-4_1},
}

@book {aksoykhamsi90,
    AUTHOR = {Aksoy, A.G. and Khamsi, M.A.},
     TITLE = {Nonstandard methods in fixed point theory},
    SERIES = {Universitext},
     PUBLISHER = {Springer-Verlag},
   ADDRESS = {New York},
      YEAR = {1990},
     PAGES = {x+139},
      ISBN = {0-387-97364-8},
   MRCLASS = {47H10 (03H05 46Bxx 47-02 47H09)},
  MRNUMBER = {1066202 (91i:47073)},
MRREVIEWER = {Simeon Reich},
}

@article {kamae82,
    AUTHOR = {Kamae, T.},
     TITLE = {A simple proof of the ergodic theorem using nonstandard
              analysis},
   JOURNAL = {Israel J. Math.},
  FJOURNAL = {Israel Journal of Mathematics},
    VOLUME = {42},
      YEAR = {1982},
    NUMBER = {4},
     PAGES = {284--290},
      ISSN = {0021-2172},
     CODEN = {ISJMAP},
   MRCLASS = {28D05 (03H05)},
  MRNUMBER = {682311 (84i:28019)},
MRREVIEWER = {Robert M. Anderson},
       DOI = {10.1007/BF02761408},
       URL = {http://dx.doi.org/10.1007/BF02761408},
}
	
@article {dillernahm74,
    AUTHOR = {Diller, J. and Nahm, W.},
     TITLE = {Eine {V}ariante zur {D}ialectica-{I}nterpretation der
              {H}eyting-{A}rithmetik endlicher {T}ypen},
   JOURNAL = {Arch. Math. Logik Grundlagenforsch.},
  FJOURNAL = {Archiv f\"ur Mathematische Logik und Grundlagenforschung},
    VOLUME = {16},
      YEAR = {1974},
     PAGES = {49--66},
      ISSN = {0003-9268},
   MRCLASS = {02C15 (02D99)},
  MRNUMBER = {0366626 (51 \#2873)},
MRREVIEWER = {B. van Rootselaar},
}

@article {kirk03,
    AUTHOR = {Kirk, W. A.},
     TITLE = {Fixed points of asymptotic contractions},
   JOURNAL = {J. Math. Anal. Appl.},
  FJOURNAL = {Journal of Mathematical Analysis and Applications},
    VOLUME = {277},
      YEAR = {2003},
    NUMBER = {2},
     PAGES = {645--650},
      ISSN = {0022-247X},
     CODEN = {JMANAK},
   MRCLASS = {47H10},
  MRNUMBER = {1961251 (2003k:47093)},
MRREVIEWER = {B. E. Rhoades},
       DOI = {10.1016/S0022-247X(02)00612-1},
       URL = {http://dx.doi.org/10.1016/S0022-247X(02)00612-1},
}

@article {briseid09,
    AUTHOR = {Briseid, E. M.},
     TITLE = {Logical aspects of rates of convergence in metric spaces},
   JOURNAL = {J. Symbolic Logic},
  FJOURNAL = {Journal of Symbolic Logic},
    VOLUME = {74},
      YEAR = {2009},
    NUMBER = {4},
     PAGES = {1401--1428},
      ISSN = {0022-4812},
     CODEN = {JSYLA6},
   MRCLASS = {03F10 (03F35 47H10 47J25 54E35)},
  MRNUMBER = {2583826 (2010m:03104)},
MRREVIEWER = {Paulo Oliva},
       URL = {http://projecteuclid.org/getRecord?id=euclid.jsl/1254748697},
}

@incollection {gerhardy10,
    AUTHOR = {Gerhardy, P.},
     TITLE = {Proof mining in practice},
 BOOKTITLE = {Logic {C}olloquium 2007},
    SERIES = {Lect. Notes Log.},
    VOLUME = {35},
     PAGES = {82--91},
 PUBLISHER = {Assoc. Symbol. Logic},
   ADDRESS = {La Jolla, CA},
      YEAR = {2010},
   MRCLASS = {03F10 (28D99 37A30 47A35)},
  MRNUMBER = {2668228 (2011j:03148)},
}
		

@article {avigadgerhardytowsner10,
    AUTHOR = {Avigad, J. and Gerhardy, P. and Towsner, H.},
     TITLE = {Local stability of ergodic averages},
   JOURNAL = {Trans. Amer. Math. Soc.},
  FJOURNAL = {Transactions of the American Mathematical Society},
    VOLUME = {362},
      YEAR = {2010},
    NUMBER = {1},
     PAGES = {261--288},
      ISSN = {0002-9947},
     CODEN = {TAMTAM},
   MRCLASS = {03F60 (28D05)},
  MRNUMBER = {2550151 (2011e:03082)},
MRREVIEWER = {Josef Berger},
       DOI = {10.1090/S0002-9947-09-04814-4},
       URL = {http://dx.doi.org/10.1090/S0002-9947-09-04814-4},
}
		

@article {gerhardy08,
    AUTHOR = {Gerhardy, P.},
     TITLE = {Proof mining in topological dynamics},
   JOURNAL = {Notre Dame J. Form. Log.},
  FJOURNAL = {Notre Dame Journal of Formal Logic},
    VOLUME = {49},
      YEAR = {2008},
    NUMBER = {4},
     PAGES = {431--446},
      ISSN = {0029-4527},
   MRCLASS = {03F10 (37B05 37B10 54H20)},
  MRNUMBER = {2456658 (2010g:03090)},
       DOI = {10.1215/00294527-2008-022},
       URL = {http://dx.doi.org/10.1215/00294527-2008-022},
}
		

@article {gerhardy06,
    AUTHOR = {Gerhardy, P.},
     TITLE = {A quantitative version of {K}irk's fixed point theorem for
              asymptotic contractions},
   JOURNAL = {J. Math. Anal. Appl.},
  FJOURNAL = {Journal of Mathematical Analysis and Applications},
    VOLUME = {316},
      YEAR = {2006},
    NUMBER = {1},
     PAGES = {339--345},
      ISSN = {0022-247X},
     CODEN = {JMANAK},
   MRCLASS = {47H10 (54H25)},
  MRNUMBER = {2201765 (2006j:47087)},
MRREVIEWER = {Jes{\'u}s Garc{\'{\i}}a-Falset},
       DOI = {10.1016/j.jmaa.2005.04.039},
       URL = {http://dx.doi.org/10.1016/j.jmaa.2005.04.039},
}
		
@article {kohlenbachleustean10,
    AUTHOR = {Kohlenbach, U. and Leu{\c{s}}tean, L.},
     TITLE = {Asymptotically nonexpansive mappings in uniformly convex
              hyperbolic spaces},
   JOURNAL = {J. Eur. Math. Soc. (JEMS)},
  FJOURNAL = {Journal of the European Mathematical Society (JEMS)},
    VOLUME = {12},
      YEAR = {2010},
    NUMBER = {1},
     PAGES = {71--92},
      ISSN = {1435-9855},
   MRCLASS = {47H09 (03F10 47H10 47J25)},
  MRNUMBER = {2578604 (2011d:47112)},
MRREVIEWER = {Simeon Reich},
       DOI = {10.4171/JEMS/190},
       URL = {http://dx.doi.org/10.4171/JEMS/190},
}
		

@article {kohlenbach05,
    AUTHOR = {Kohlenbach, U.},
     TITLE = {Some computational aspects of metric fixed-point theory},
   JOURNAL = {Nonlinear Anal.},
  FJOURNAL = {Nonlinear Analysis. Theory, Methods \& Applications. An
              International Multidisciplinary Journal. Series A: Theory and
              Methods},
    VOLUME = {61},
      YEAR = {2005},
    NUMBER = {5},
     PAGES = {823--837},
      ISSN = {0362-546X},
     CODEN = {NOANDD},
   MRCLASS = {47H10 (03F10)},
  MRNUMBER = {2130066 (2005k:47119)},
MRREVIEWER = {Giuseppe Marino},
       DOI = {10.1016/j.na.2005.01.075},
       URL = {http://dx.doi.org/10.1016/j.na.2005.01.075},
}
		
@article {leustean07,
    AUTHOR = {Leustean, L.},
     TITLE = {A quadratic rate of asymptotic regularity for {CAT}(0)-spaces},
   JOURNAL = {J. Math. Anal. Appl.},
  FJOURNAL = {Journal of Mathematical Analysis and Applications},
    VOLUME = {325},
      YEAR = {2007},
    NUMBER = {1},
     PAGES = {386--399},
      ISSN = {0022-247X},
     CODEN = {JMANAK},
   MRCLASS = {54H25 (47H10)},
  MRNUMBER = {2273533 (2008a:54048)},
MRREVIEWER = {Xiangdong Xie},
       DOI = {10.1016/j.jmaa.2006.01.081},
       URL = {http://dx.doi.org/10.1016/j.jmaa.2006.01.081},
}

@article {avigad09,
    AUTHOR = {Avigad, J.},
     TITLE = {The metamathematics of ergodic theory},
   JOURNAL = {Ann. Pure Appl. Logic},
  FJOURNAL = {Annals of Pure and Applied Logic},
    VOLUME = {157},
      YEAR = {2009},
    NUMBER = {2-3},
     PAGES = {64--76},
      ISSN = {0168-0072},
     CODEN = {APALD7},
   MRCLASS = {03F03 (03F60 26E40 37A30)},
  MRNUMBER = {2499698 (2010d:03101)},
MRREVIEWER = {Hajime Ishihara},
       DOI = {10.1016/j.apal.2008.09.001},
       URL = {http://dx.doi.org/10.1016/j.apal.2008.09.001},
}

@article {kohlenbach11,
    AUTHOR = {Kohlenbach, U.},
     TITLE = {On quantitative versions of theorems due to {F}. {E}.
              {B}rowder and {R}. {W}ittmann},
   JOURNAL = {Adv. Math.},
  FJOURNAL = {Advances in Mathematics},
    VOLUME = {226},
      YEAR = {2011},
    NUMBER = {3},
     PAGES = {2764--2795},
      ISSN = {0001-8708},
     CODEN = {ADMTA4},
   MRCLASS = {47H10 (03F10)},
  MRNUMBER = {2739793},
       DOI = {10.1016/j.aim.2010.10.002},
       URL = {http://dx.doi.org/10.1016/j.aim.2010.10.002},
}
		

@article {kohlenbachleustean09,
    AUTHOR = {Kohlenbach, U. and Leu{\c{s}}tean, L.},
     TITLE = {A quantitative mean ergodic theorem for uniformly convex
              {B}anach spaces},
   JOURNAL = {Ergodic Theory Dynam. Systems},
  FJOURNAL = {Ergodic Theory and Dynamical Systems},
    VOLUME = {29},
      YEAR = {2009},
    NUMBER = {6},
     PAGES = {1907--1915},
      ISSN = {0143-3857},
   MRCLASS = {37A30 (47A35)},
  MRNUMBER = {2563097 (2011c:37011)},
MRREVIEWER = {Randall McCutcheon},
       DOI = {10.1017/S0143385708001004},
       URL = {http://dx.doi.org/10.1017/S0143385708001004},
}
		
@unpublished{safarik11,
   author = {Safarik, P.},
   title = {A quantitive nonlinear strong ergodic theorem for {H}ilbert spaces},
    date = {2011},
    note = {Submitted for publication. Available from the author's homepage.}
}

@article {kohlenbach08b,
    AUTHOR = {Kohlenbach, U.},
     TITLE = {G\"odel's functional interpretation and its use in current
              mathematics},
   JOURNAL = {Dialectica},
  FJOURNAL = {Dialectica},
    VOLUME = {62},
      YEAR = {2008},
    NUMBER = {2},
     PAGES = {223--267},
      ISSN = {0012-2017},
   MRCLASS = {03-02 (03F10 03F25 03F35)},
  MRNUMBER = {2491336 (2010i:03002)},
MRREVIEWER = {Anton Setzer},
       DOI = {10.1111/j.1746-8361.2008.01141.x},
       URL = {http://dx.doi.org/10.1111/j.1746-8361.2008.01141.x},
}
		

@article {gerhardykohlenbach08,
    AUTHOR = {Gerhardy, P. and Kohlenbach, U.},
     TITLE = {General logical metatheorems for functional analysis},
   JOURNAL = {Trans. Amer. Math. Soc.},
  FJOURNAL = {Transactions of the American Mathematical Society},
    VOLUME = {360},
      YEAR = {2008},
    NUMBER = {5},
     PAGES = {2615--2660},
      ISSN = {0002-9947},
     CODEN = {TAMTAM},
   MRCLASS = {03F10 (03F35 47H09 47H10)},
  MRNUMBER = {2373327 (2008k:03115)},
MRREVIEWER = {Paulo Oliva},
       DOI = {10.1090/S0002-9947-07-04429-7},
       URL = {http://dx.doi.org/10.1090/S0002-9947-07-04429-7},
}
		
@article {kohlenbach05b,
    AUTHOR = {Kohlenbach, U.},
     TITLE = {Some logical metatheorems with applications in functional
              analysis},
   JOURNAL = {Trans. Amer. Math. Soc.},
  FJOURNAL = {Transactions of the American Mathematical Society},
    VOLUME = {357},
      YEAR = {2005},
    NUMBER = {1},
     PAGES = {89--128 (electronic)},
      ISSN = {0002-9947},
     CODEN = {TAMTAM},
   MRCLASS = {03F35 (03F10 47H10)},
  MRNUMBER = {2098088 (2005h:03110)},
MRREVIEWER = {M. Yasuhara},
       DOI = {10.1090/S0002-9947-04-03515-9},
       URL = {http://dx.doi.org/10.1090/S0002-9947-04-03515-9},
}

@article {kohlenbachleustean03,
    AUTHOR = {Kohlenbach, U. and Leu{\c{s}}tean, L.},
     TITLE = {Mann iterates of directionally nonexpansive mappings in
              hyperbolic spaces},
   JOURNAL = {Abstr. Appl. Anal.},
  FJOURNAL = {Abstract and Applied Analysis},
      YEAR = {2003},
    NUMBER = {8},
     PAGES = {449--477},
      ISSN = {1085-3375},
   MRCLASS = {47H10 (03F10 03F60 47J25 54H25)},
  MRNUMBER = {1983075 (2004e:47092)},
MRREVIEWER = {Alexander J. Zaslavski},
       DOI = {10.1155/S1085337503212021},
       URL = {http://dx.doi.org/10.1155/S1085337503212021},
}

@article {ferreiraoliva05,
    AUTHOR = {Ferreira, F. and Oliva, P.},
     TITLE = {Bounded functional interpretation},
   JOURNAL = {Ann. Pure Appl. Logic},
  FJOURNAL = {Annals of Pure and Applied Logic},
    VOLUME = {135},
      YEAR = {2005},
    NUMBER = {1-3},
     PAGES = {73--112},
      ISSN = {0168-0072},
     CODEN = {APALD7},
   MRCLASS = {03F10 (03F03 03F25 03F30 03F35)},
  MRNUMBER = {2156133 (2006e:03087)},
MRREVIEWER = {G. E. Mints},
       DOI = {10.1016/j.apal.2004.11.001},
       URL = {http://dx.doi.org/10.1016/j.apal.2004.11.001},
}

@article {ferreira09,
    AUTHOR = {Ferreira, F.},
     TITLE = {Injecting uniformities into {P}eano arithmetic},
   JOURNAL = {Ann. Pure Appl. Logic},
  FJOURNAL = {Annals of Pure and Applied Logic},
    VOLUME = {157},
      YEAR = {2009},
    NUMBER = {2-3},
     PAGES = {122--129},
      ISSN = {0168-0072},
     CODEN = {APALD7},
   MRCLASS = {03F10 (03F25 03F35)},
  MRNUMBER = {2499703 (2010a:03067)},
MRREVIEWER = {Paulo Oliva},
       DOI = {10.1016/j.apal.2008.09.004},
       URL = {http://dx.doi.org/10.1016/j.apal.2008.09.004},
}

@article {gaspar09,
    AUTHOR = {Gaspar, J.},
     TITLE = {Factorization of the {S}hoenfield-like bounded functional
              interpretation},
   JOURNAL = {Notre Dame J. Form. Log.},
  FJOURNAL = {Notre Dame Journal of Formal Logic},
    VOLUME = {50},
      YEAR = {2009},
    NUMBER = {1},
     PAGES = {53--60},
      ISSN = {0029-4527},
   MRCLASS = {03F10 (03F03)},
  MRNUMBER = {2536700 (2010j:03067)},
MRREVIEWER = {Christian Bennet},
       DOI = {10.1215/00294527-2008-027},
       URL = {http://dx.doi.org/10.1215/00294527-2008-027},
}

@article {ferreiranunes06,
    AUTHOR = {Ferreira, F. and Nunes, A.},
     TITLE = {Bounded modified realizability},
   JOURNAL = {J. Symbolic Logic},
  FJOURNAL = {The Journal of Symbolic Logic},
    VOLUME = {71},
      YEAR = {2006},
    NUMBER = {1},
     PAGES = {329--346},
      ISSN = {0022-4812},
     CODEN = {JSYLA6},
   MRCLASS = {03F35 (03F10 03F25 03F50)},
  MRNUMBER = {2210071 (2007b:03099)},
MRREVIEWER = {Ulrich Kohlenbach},
       DOI = {10.2178/jsl/1140641178},
       URL = {http://dx.doi.org/10.2178/jsl/1140641178},
}

@unpublished{berg12,
    author = {Berg, B. van den},
     title = {The {H}erbrand topos},
      note = {arXiv:1112.3837},
      year = {2011},
}

@book {troelstravandalen88b,
    AUTHOR = {Troelstra, A. S. and van Dalen, D.},
     TITLE = {Constructivism in mathematics. {V}ol. {II}},
    SERIES = {Studies in Logic and the Foundations of Mathematics},
    VOLUME = {123},
      NOTE = {An introduction},
 PUBLISHER = {North-Holland Publishing Co.},
   ADDRESS = {Amsterdam},
      YEAR = {1988},
     PAGES = {i--xviii and 345--880 and I--LII},
      ISBN = {0-444-70358-6},
   MRCLASS = {03-01 (03B15 03Fxx 03G30)},
  MRNUMBER = {970277 (90e:03002b)},
MRREVIEWER = {G. E. Mints},
}
