% This file was created with JabRef 2.6.
% Encoding: Cp1252

@ARTICLE{AF98,
  author = {J. Avigad and S. Feferman},
  title = {{G}\"odels's functional ("{D}ialectica") interpretation {\em in}
	{S}. {R}. {B}uss ({E}ditor): {H}andbook of proof theory},
  journal = {Studies in Logic and the foundations of mathematics},
  year = {1998},
  volume = {137},
  pages = {337--405},
  publisher = {Elsevier Science B.V.}
}

@ARTICLE{AGT08,
  author = {J. Avigad and P. Gerhardy and H. Towsner},
  title = {{L}ocal {S}tability of {E}rgodic {A}verages},
  journal = {Trans. Amer. Math. Soc.},
  year = {2010},
  volume = {362},
  pages = {261--288}
}

@ARTICLE{Baillon1976,
  author = {Baillon, J. B.},
  title = {{Q}uelques propri\'et\'es de convergence asymptotique pour les contractions
	impaires},
  journal = {C. R. Acad. Sci. Paris S\'er. A-B},
  year = {1976},
  volume = {283},
  pages = {Aii, A587--A590},
  number = {8},
  mrclass = {47H10},
  mrnumber = {0428124 (55 \#1153)},
  mrreviewer = {Simeon Reich}
}

@ARTICLE{Baillon1976a,
  author = {Baillon, J. B.},
  title = {{Q}uelques propri\'et\'es de convergence asymptotique pour les semi-groupes
	de contractions impaires},
  journal = {C. R. Acad. Sci. Paris S\'er. A-B},
  year = {1976},
  volume = {283},
  pages = {Ai, A75--A78},
  number = {3},
  mrclass = {47H99},
  mrnumber = {0425702 (54 \#13655)},
  mrreviewer = {Wilhelm Schappacher}
}

@ARTICLE{Baillon1975,
  author = {Baillon, J. B.},
  title = {{U}n th\'eor\`eme de type ergodique pour les contractions non lin\'eaires
	dans un espace de {H}ilbert},
  journal = {C. R. Acad. Sci. Paris S\'er. A-B},
  year = {1975},
  volume = {280},
  pages = {Aii, A1511--A1514},
  number = {22},
  mrclass = {47H10},
  mrnumber = {0375009 (51 \#11205)},
  mrreviewer = {Simeon Reich}
}

@ARTICLE{Baillon1976b,
  author = {Baillon, J. B. and Brezis, H.},
  title = {{U}ne remarque sur le comportement asymptotique des semigroupes non
	lin\'eaires},
  journal = {Houston J. Math.},
  year = {1976},
  volume = {2},
  pages = {5--7},
  number = {1},
  fjournal = {Houston Journal of Mathematics},
  issn = {0362-1588},
  mrclass = {47H10},
  mrnumber = {0394328 (52 \#15131)},
  mrreviewer = {Bruce Calvert}
}

@ARTICLE{Bezem85,
  author = {M. Bezem},
  title = {{S}trongly {M}ajorizable {F}unctionals of {F}inite {T}ype: {A} {M}odel
	for {B}ar {R}ecursion {C}ontaining {D}isonctinuous {F}unctionals},
  journal = {The Journal of Symbolic Logic},
  year = {1985},
  volume = {50},
  pages = {652--660}
}

@ARTICLE{Briseid07,
  author = {E. M. Briseid},
  title = {{S}ome results on {K}irk's asymptotic contractions},
  journal = {Fixed Point Theory},
  year = {2007},
  volume = {8},
  pages = {17--27}
}

@ARTICLE{Briseid07b,
  author = {E. M. Briseid},
  title = {{A}ddendum to paper: {S}ome results on {K}irk's asymptotic contractions},
  journal = {Fixed Point Theory},
  year = {2007},
  volume = {8},
  pages = {321--322}
}

@ARTICLE{Briseid05,
  author = {E. M. Briseid},
  title = {{P}roof {M}ining {A}pplied to {F}ixed {P}oint {T}heorems for {M}appings
	of {C}ontractive {T}ype},
  journal = {Master Thesis at Department of Mathematics at the University of Oslo},
  year = {2005}
}

@ARTICLE{Bruck1979,
  author = {Bruck, R. E.},
  title = {{A} simple proof of the mean ergodic theorem for nonlinear contractions
	in {B}anach spaces},
  journal = {Israel J. Math.},
  year = {1979},
  volume = {32},
  pages = {107--116},
  number = {2-3},
  coden = {ISJMAP},
  doi = {10.1007/BF02764907},
  fjournal = {Israel Journal of Mathematics},
  issn = {0021-2172},
  mrclass = {47H10},
  mrnumber = {531254 (80j:47066)},
  mrreviewer = {Heinrich Steinlein},
  url = {http://dx.doi.org/10.1007/BF02764907}
}

@ARTICLE{Brezis1976,
  author = {Br{\'e}zis, H. and Browder, F. E.},
  title = {{N}onlinear ergodic theorems},
  journal = {Bull. Amer. Math. Soc.},
  year = {1976},
  volume = {82},
  pages = {959--961},
  number = {6},
  fjournal = {Bulletin of the American Mathematical Society},
  issn = {0002-9904},
  mrclass = {47H10},
  mrnumber = {0420348 (54 \#8362)},
  mrreviewer = {J. Danes}
}

@BOOK{Feferman77,
  title = {{T}heories of finite type related to mathematical practice {\em in}
	{J}. {B}arwise ({E}ditor): {H}andbook of {M}athematical {L}ogic},
  publisher = {North Holland, Amsterdam},
  year = {1977},
  author = {S. Feferman},
  pages = {913--972}
}

@ARTICLE{Goedel58,
  author = {K. G\"odel},
  title = {\"{U}ber eine bisher noch nicht ben\"utzte {E}rweiterung des finiten
	{S}tandpunktes},
  journal = {Dialectica},
  year = {1958},
  volume = {12},
  pages = {280--287}
}

@ARTICLE{Goedel33,
  author = {K. G\"odel},
  title = {{Z}ur intuitionistischen {A}rithmetik und {Z}ahlentheorie},
  journal = {Ergebnisse eines Mathematischen Kolloquiums},
  year = {1933},
  volume = {4},
  pages = {34--38}
}

@ARTICLE{GasparKohlenbach,
  author = {J. Gaspar and U. Kohlenbach},
  title = {{O}n {T}ao's `finitary' infinite pigeonhole principle.},
  journal = {Submitted.}
}

@ARTICLE{Genel1975,
  author = {Genel, A. and Lindenstrauss, J.},
  title = {{A}n example concerning fixed points},
  journal = {Israel J. Math.},
  year = {1975},
  volume = {22},
  pages = {81--86},
  number = {1},
  fjournal = {Israel Journal of Mathematics},
  issn = {0021-2172},
  mrclass = {47H10},
  mrnumber = {0390847 (52 \#11670)},
  mrreviewer = {R. Kannan}
}

@INCOLLECTION{Gerhardy2010,
  author = {Gerhardy, P.},
  title = {{P}roof mining in practice},
  booktitle = {Logic {C}olloquium 2007},
  publisher = {Assoc. Symbol. Logic},
  year = {2010},
  volume = {35},
  series = {Lect. Notes Log.},
  pages = {82--91},
  address = {La Jolla, CA},
  mrclass = {03F10 (28D99 37A30 47A35)},
  mrnumber = {2668228}
}

@ARTICLE{Gerhardy06,
  author = {P. Gerhardy},
  title = {{A} quantitative version of {K}irk's fixed point theorem for asymptotic
	contractions.},
  journal = {J. Math. Anal. Appl.},
  year = {2006},
  volume = {316},
  pages = {339--345}
}

@BOOK{GerhardyX,
  title = {{F}unctional interpretation and modified realizability interpretation
	of the double-negation shift},
  publisher = {BRICS, Department of Computer Science, University of Aarhus, Denmark},
  year = {2006},
  author = {P. Gerhardy},
  series = {{P}reprint}
}

@ARTICLE{GK08,
  author = {P. Gerhardy and U. Kohlenbach},
  title = {{G}eneral logical metatheorems for functional analysis},
  journal = {Trans. Amer. Math. Soc.},
  year = {2008},
  volume = {360},
  pages = {2615--2660}
}

@ARTICLE{Halpern1967,
  author = {Halpern, B.},
  title = {{F}ixed points of nonexpanding maps},
  journal = {Bull. Amer. Math. Soc.},
  year = {1967},
  volume = {73},
  pages = {957--961},
  fjournal = {Bulletin of the American Mathematical Society},
  issn = {0002-9904},
  mrclass = {47.85 (46.00)},
  mrnumber = {0218938 (36 \#2022)},
  mrreviewer = {M. Edelstein}
}

@ARTICLE{Hirano1982,
  author = {Hirano, N.},
  title = {{N}onlinear ergodic theorems and weak convergence theorems},
  journal = {J. Math. Soc. Japan},
  year = {1982},
  volume = {34},
  pages = {35--46},
  number = {1},
  coden = {NISUBC},
  doi = {10.2969/jmsj/03410035},
  fjournal = {Journal of the Mathematical Society of Japan},
  issn = {0025-5645},
  mrclass = {47H09 (47H20)},
  mrnumber = {639803 (83d:47059)},
  mrreviewer = {Simeon Reich},
  url = {http://dx.doi.org/10.2969/jmsj/03410035}
}

@ARTICLE{Hirano1979,
  author = {Hirano, N. and Takahashi, W.},
  title = {{N}onlinear ergodic theorems for nonexpansive mappings in {H}ilbert
	spaces},
  journal = {Kodai Math. J.},
  year = {1979},
  volume = {2},
  pages = {11--25},
  number = {1},
  fjournal = {Kodai Mathematical Journal},
  issn = {0386-5991},
  mrclass = {47H09 (47H10 47H20)},
  mrnumber = {531784 (80j:47064)},
  mrreviewer = {Heinrich Steinlein},
  url = {http://projecteuclid.org/getRecord?id=euclid.kmj/1138035962}
}

@ARTICLE{Howard81,
  author = {W. A. Howard},
  title = {{O}rdinal analysis of simple cases of bar recursion},
  journal = {The Journal of Symbolic Logic},
  year = {1981},
  volume = {46},
  pages = {17--31}
}

@ARTICLE{Howard80,
  author = {W. A. Howard},
  title = {{O}rdinal analysis of terms of finite type},
  journal = {The Journal of Symbolic Logic},
  year = {1980},
  volume = {45},
  pages = {493--504}
}

@INPROCEEDINGS{Howard73,
  author = {W. A. Howard},
  title = {{H}ereditarily majorizable functionals of finite type},
  booktitle = {A.S. Troelstra (Editor): Mathematical Investigation of Intuitionistic
	Arithmetic and Analysis},
  year = {1973},
  pages = {454--461},
  publisher = {Springer-Varlag, Berlin $\cdot$ Heidelberg $\cdot$ New York}
}

@ARTICLE{Howard68,
  author = {W. A. Howard},
  title = {{F}unctional interpretation of bar induction by bar recursion},
  journal = {Compositio Mathematica},
  year = {1968},
  volume = {20},
  pages = {107--124}
}

@ARTICLE{Kleene59,
  author = {S. C. Kleene},
  title = {{R}ecursive functionals and quantfiers of finite types},
  journal = {I. Trans. Amer. Math. Soc.},
  year = {1959},
  volume = {91},
  pages = {1--52}
}

@BOOK{Kleene52,
  title = {{I}ntroduction to mathematics.},
  publisher = {North-Holland Publ. Co. (Amsterdam), P. Noordhoff (Gronigen), D.
	van Nostrand (New York, Toronto)},
  year = {1952},
  author = {S. C. Kleene}
}

@ARTICLE {Kohlenbach2009,
    AUTHOR = {Kohlenbach, U. and Leu{\c{s}}tean, L.},
     TITLE = {A quantitative mean ergodic theorem for uniformly convex
              {B}anach spaces},
   JOURNAL = {Ergodic Theory Dynam. Systems},
  FJOURNAL = {Ergodic Theory and Dynamical Systems},
    VOLUME = {29},
      YEAR = {2009},
    NUMBER = {6},
     PAGES = {1907--1915},
      ISSN = {0143-3857},
   MRCLASS = {37A30 (47A35)},
  MRNUMBER = {2563097 (2011c:37011)},
MRREVIEWER = {Randall McCutcheon},
       DOI = {10.1017/S0143385708001004},
       URL = {http://dx.doi.org/10.1017/S0143385708001004},
}

@ARTICLE{Kohlenbach_ComContemporaryMath,
  author = {U. Kohlenbach},
  title = {{A} uniform quantitative form of sequential weak compactness and
	{B}aillon's nonlinear ergodic theorem.},
  journal = {(To appear in) Communications in Contemporary Mathematics.},
  owner = {safarik},
  timestamp = {2011.02.16}
}

@ARTICLE{KohlenbachMints,
  author = {U. Kohlenbach},
  title = {{O}n the logical analysis of proofs based on nonseparable {H}ilbert
	space theory.},
  journal = {Submitted.}
}

@ARTICLE{Kohlenbach2011,
  author = {Kohlenbach, U.},
  title = {{O}n quantitative versions of theorems due to {F}.{E}. {B}rowder
	and {R}. {W}ittmann},
  journal = {Advances in Mathematics},
  year = {2011},
  volume = {226},
  pages = {2764--2795},
  number = {3},
  issn = {0001-8708},
  keywords = {Nonexpansive mappings, Metastability, Functional interpretation, Proof
	mining},
  owner = {safarik},
  timestamp = {2011.02.16},
  url = {http://www.sciencedirect.com/science/article/B6W9F-5178VTC-2/2/1b5af1e45940c48c5ba9ace5fcd62323}
}

@ARTICLE{Kohlenbach2011odd,
title = "On the asymptotic behavior of odd operators",
journal = "Journal of Mathematical Analysis and Applications",
volume = "382",
number = "2",
pages = "615 - 620",
year = "2011",
note = "",
issn = "0022-247X",
doi = "10.1016/j.jmaa.2011.04.065",
url = "http://www.sciencedirect.com/science/article/pii/S0022247X11004069",
author = "U. Kohlenbach",
keywords = "Nonexpansive mappings",
keywords = "Odd operators",
keywords = "Fixed points",
keywords = "Metastability",
keywords = "Functional interpretation",
keywords = "Proof mining"
}


@INPROCEEDINGS{Kohlenbach05,
  author = {U. Kohlenbach},
  title = {{E}ffective bounds from proofs in abstract functional analysis.},
  booktitle = {Final version to appear in: Cooper, B., Loewe, B., Sorbi, A. (eds.),
	`New Computational Paradigms: Changing Conceptions of What is Computable'.
	},
  year = {2008},
  pages = {223--258},
  publisher = { Springer Publisher}
}

@BOOK{Kohlenbach08,
  title = {{A}pplied {P}roof {T}heory: {P}roof {I}nterpretations and their use
	in {M}athematics.},
  publisher = {Springer-Varlag, Berlin $\cdot$ Heidelberg $\cdot$ New York},
  year = {2008},
  author = {U. Kohlenbach},
  series = {Springer Monographs in Mathematics}
}

@ARTICLE{Kohlenbach05fpt,
  author = {U. Kohlenbach},
  title = {{S}ome computational aspects of metric fixed-point theory.},
  journal = {Nonlinear Analysis},
  year = {2005},
  volume = {61},
  pages = {823--837}
}

@ARTICLE{Kohlenbach05meta,
  author = {U. Kohlenbach},
  title = {{S}ome logical metatheorems with application in functional},
  journal = {Trans. Am. Math. Soc.},
  year = {2005},
  volume = {357},
  pages = {89--128}
}

@ARTICLE{Kohlenbach03,
  author = {U. Kohlenbach},
  title = {{U}niform asymptotic regularity for {M}ann iterates.},
  journal = {J. Math. Anal. Appl.},
  year = {2003},
  volume = {279},
  pages = {531--544}
}

@ARTICLE{Kohlenbach00,
  author = {U. Kohlenbach},
  title = {{T}hings that can and things that cannot be done in {PRA}.},
  journal = {Ann. Pure Applied Logic},
  year = {2000},
  volume = {102},
  pages = {223--245}
}

@ARTICLE{Kohlenbach99,
  author = {U. Kohlenbach},
  title = {{O}n the {N}o-{C}ounterexample {I}nterpretation},
  journal = {The Journal of Symbolic Logic},
  year = {1999},
  volume = {64},
  pages = {1491--1511}
}

@ARTICLE{Kohlenbach1998,
  author = {Kohlenbach, U.},
  title = {{E}limination of {S}kolem functions for monotone formulas in analysis},
  journal = {Arch. Math. Logic},
  year = {1998},
  volume = {37},
  pages = {363--390},
  number = {5-6},
  note = {Logic Colloquium '95 (Haifa)},
  coden = {AMLOEH},
  doi = {10.1007/s001530050104},
  fjournal = {Archive for Mathematical Logic},
  issn = {0933-5846},
  mrclass = {03F35 (03B30)},
  mrnumber = {1634279 (99m:03119)},
  mrreviewer = {Xiaokang Yu},
  url = {http://dx.doi.org/10.1007/s001530050104}
}

@ARTICLE{Kohlenbach96,
  author = {U. Kohlenbach},
  title = {{E}limination of {S}kolem functions for monotone formulas in analysis.},
  journal = {Arch. Math. Logic},
  year = {1998},
  volume = {37},
  pages = {363--390}
}

@ARTICLE{Kohlenbach98,
  author = {U. Kohlenbach},
  title = {{A}rithmetizing proofs in analysis {\em in} {L}arrazabal, {J.M.},
	{L}ascar, {D}., {M}ints, {G}. ({E}ditors): {L}ogic {C}olloquium '96},
  journal = {Springer Lecture Notes in Logic},
  year = {1998},
  volume = {12},
  pages = {115--158}
}

@ARTICLE{Kohlenbach_gp,
  author = {U. Kohlenbach},
  title = {{O}n the arithmetical content of restricted forms of comprehension,
	choice and general uniform boundedness.},
  journal = {Ann. Pure and Applied Logic},
  year = {1998},
  volume = {95},
  pages = {257--285}
}

@INPROCEEDINGS{Kohlenbach96mfi,
  author = {U. Kohlenbach},
  title = {{A}nalyzing proofs in analysis.},
  booktitle = {W. Hodges, M. Hyland, C. Steinhorn, J. Truss, Editors, Logic: from
	Foundations to Applications {\em at} European Logic Colloquium (Keele,
	1993) },
  year = {1996},
  pages = {225--260},
  publisher = {Oxford University Press}
}

@ARTICLE{Kohlenbach93,
  author = {U. Kohlenbach},
  title = {{N}ew effective moduli of uniqueness and uniform a-priori estimates
	for constants of strong unicity by logical analysis of known proofs
	in best approximation theory.},
  journal = {Numer. Funct. Anal. and Optimiz.},
  year = {1993},
  volume = {14},
  pages = {581--606}
}

@ARTICLE{Kohlenbach92,
  author = {U. Kohlenbach},
  title = {{E}ffective bounds from ineffective proofs in analysis: an application
	of functional interpretation and majorization},
  journal = {The Journal of Symbolic Logic},
  year = {1992},
  volume = {57},
  pages = {1239--1273}
}

@ARTICLE{KPH92,
  author = {U. Kohlenbach},
  title = {{P}ointwise hereditary majorization and some applications},
  journal = {Archive for Mathematical Logic},
  year = {1992},
  volume = {31},
  pages = {227--241}
}


@ARTICLE{KL07,
  author = {Kohlenbach,U. and Leustean,L.},
  title = {{T}he approximate fixed point property in product spaces},
  journal = {Nonlinear Analysis},
  year = {2007},
  volume = {66},
  pages = {806--818}
}

@ARTICLE{KL03,
  author = {Kohlenbach,U. and Leustean,L.},
  title = {{M}ann iterates of directionally nonexpansive mappings in hyperbolic
	spaces.},
  journal = {Abstract and Appl. Analysis},
  year = {2003},
  volume = {8},
  pages = {449--477}
}

@ARTICLE{Kohlenbach2010,
  author = {Kohlenbach, U. and Leu{\c{s}}tean, L.},
  title = {{A}symptotically nonexpansive mappings in uniformly convex hyperbolic
	spaces},
  journal = {J. Eur. Math. Soc. (JEMS)},
  year = {2010},
  volume = {12},
  pages = {71--92},
  number = {1},
  doi = {10.4171/JEMS/190},
  fjournal = {Journal of the European Mathematical Society (JEMS)},
  issn = {1435-9855},
  mrclass = {47H09 (03F10 47H10 47J25)},
  mrnumber = {2578604},
  mrreviewer = {Simeon Reich},
  url = {http://dx.doi.org/10.4171/JEMS/190}
}

@INPROCEEDINGS{KO02,
  author = {Kohlenbach,U. and Oliva,P.},
  title = {{P}roof {M}ining: {A} systematic way of analyzing proofs in mathematics.},
  booktitle = {Proceedings of the Steklov Institute of Mathematics, Vol. 242},
  year = {2003},
  pages = {136--164}
}

@ARTICLE{KO03,
  author = {Kohlenbach,U. and Oliva,P.},
  title = {{P}roof mining in ${L}_1$\nbd appro\-xim\-ation.},
  journal = {Ann. Pure Appl. Logic},
  year = {2003},
  volume = {121},
  pages = {1--38}
}

@INCOLLECTION{Kreisel1959,
  author = {Kreisel, G.},
  title = {{I}nterpretation of analysis by means of constructive functionals
	of finite types},
  booktitle = {Constructivity in mathematics: {P}roceedings of the colloquium held
	at {A}msterdam, 1957 (edited by {A}. {H}eyting)},
  publisher = {North-Holland Publishing Co.},
  year = {1959},
  series = {Studies in Logic and the Foundations of Mathematics},
  pages = {101--128},
  address = {Amsterdam},
  mrclass = {02.00},
  mrnumber = {0106838 (21 \#5568)},
  mrreviewer = {A. Heyting}
}

@ARTICLE{Kreisel52,
  author = {G. Kreisel},
  title = {{O}n the interpretation of non-finitist proofs, part {II}},
  journal = {The Journal of Symbolic Logic},
  year = {1952},
  volume = {17},
  pages = {43--58}
}

@ARTICLE{Kreisel1951,
  author = {Kreisel, G.},
  title = {{O}n the interpretation of non-finitist proofs. {I}},
  journal = {J. Symbolic Logic},
  year = {1951},
  volume = {16},
  pages = {241--267},
  fjournal = {The Journal of Symbolic Logic},
  issn = {0022-4812},
  mrclass = {02.0X},
  mrnumber = {0049135 (14,122k)},
  mrreviewer = {D. Nelson}
}

@BOOK{Krengel1985,
  title = {{E}rgodic theorems},
  publisher = {Walter de Gruyter \& Co.},
  year = {1985},
  author = {Krengel, U.},
  volume = {6},
  pages = {viii+357},
  series = {de Gruyter Studies in Mathematics},
  address = {Berlin},
  note = {With a supplement by Antoine Brunel},
  isbn = {3-11-008478-3},
  mrclass = {28-02 (28Dxx 47A35)},
  mrnumber = {797411 (87i:28001)},
  mrreviewer = {E. Flytzanis}
}

@BOOK{Kuratowski52,
  title = {{T}opologie {V}ol. {I}},
  publisher = {Warsawa},
  year = {1952},
  author = {C. Kuratowski}
}

@ARTICLE{Kuroda51,
  author = {S. Kuroda},
  title = {{I}ntuitionistische {U}ntersuchungen der formalistischen {L}ogik},
  journal = {Nagoya Math.},
  year = {1951},
  volume = {2},
  pages = {35--47}
}

@ARTICLE{Luckhardt73,
  author = {H. Luckhardt},
  title = {{E}xtensional {G}\"odel functional interpretation.},
  journal = {Springer Lecture Notes in Mathematics},
  year = {1973},
  volume = {vol. 306}
}

@ARTICLE{Miyadera1999,
  author = {Miyadera, I.},
  title = {{N}onlinear mean ergodic theorems. {II}},
  journal = {Taiwanese J. Math.},
  year = {1999},
  volume = {3},
  pages = {107--114},
  number = {1},
  fjournal = {Taiwanese Journal of Mathematics},
  issn = {1027-5487},
  mrclass = {47H09 (47H10)},
  mrnumber = {1676026 (2000a:47113)},
  mrreviewer = {Behzad Djafari-Rouhani}
}

@ARTICLE{Miyadera1997,
  author = {Miyadera, I.},
  title = {{N}onlinear mean ergodic theorems},
  journal = {Taiwanese J. Math.},
  year = {1997},
  volume = {1},
  pages = {433--449},
  number = {4},
  fjournal = {Taiwanese Journal of Mathematics},
  issn = {1027-5487},
  mrclass = {47H09 (47H10)},
  mrnumber = {1486564 (98k:47106)},
  mrreviewer = {Behzad Djafari-Rouhani}
}

@INPROCEEDINGS{Neumann1932,
  author = {J. von Neumann},
  title = {{P}roof of the quasi-ergodic hypothesis},
  booktitle = {Proc. Nat. Acad. Sci. USA},
  year = {1932},
  owner = {safarik},
  timestamp = {2011.02.15}
}

@BOOK{Odifreddi89,
  title = {{C}lassical {R}ecursion {T}heory},
  publisher = {Elsevier Science B.V.},
  year = {1989},
  author = {P. G. Odifreddi},
  series = {Studies in Logic and the Foundations of Mathematics}
}

@INPROCEEDINGS{Oliva06,
  author = {P. Oliva},
  title = {{U}nderstanding and using {S}pector's bar recursive interpretation
	of classical analysis},
  booktitle = {Proceedings of CiE'2006},
  year = {2006},
  series = {Lecture Notes in Computer Science},
  pages = {423--434},
  publisher = {Springer 3988}
}

@INPROCEEDINGS{Oliva06b,
  author = {P. Oliva},
  title = {{U}nderstanding and using {S}pector's bar recursive interpretation
	of classical analysis},
  booktitle = {Proceedings of CiE'2006},
  year = {2006},
  series = {Lecture Notes in Computer Science},
  pages = {423--434},
  publisher = {Springer 3988},
  documenturl = {http://www.dcs.qmul.ac.uk/~pbo/papers/paper011.pdf},
  ean = {9783540354666},
  isbn = {3-540-35466-2},
  type = {2}
}

@BOOK{PH77,
  title = {{A} {M}athematical {I}ncompleteness in {P}eano {A}rithmetic. {\em
	In} {J}.~{B}arwise ({E}ditor): {H}andbook of {M}athematical {L}ogic},
  publisher = {North Holland, Amsterdam},
  year = {1977},
  author = {Paris, J. and Harrington, L.}
}

@ARTICLE{Parsons72,
  author = {C. Parsons},
  title = {{O}n n-quantifier induction.},
  journal = {The Journal of Symbolic Logic},
  year = {1972},
  volume = {37},
  pages = {466--482}
}

@ARTICLE{Parsons71,
  author = {C. Parsons},
  title = {{P}roof-theoretic analysis of restricted induction schemata (abstract)},
  journal = {The Journal of Symbolic Logic},
  year = {1971},
  volume = {36},
  pages = {361}
}

@ARTICLE{Rouhani2001,
  author = {Rouhani, B. D.},
  title = {{E}rgodic theorems for nonexpansive curves defined on general semigroups
	in a {H}ilbert space},
  journal = {Nonlinear Anal.},
  year = {2001},
  volume = {44},
  pages = {627--643},
  number = {5, Ser. A: Theory Methods},
  coden = {NOANDD},
  doi = {10.1016/S0362-546X(99)00296-5},
  fjournal = {Nonlinear Analysis. Theory, Methods \& Applications. An International
	Multidisciplinary Journal. Series A: Theory and Methods},
  issn = {0362-546X},
  mrclass = {47H09 (43A07 47H10 47H20)},
  mrnumber = {1822234 (2002g:47112)},
  mrreviewer = {A. T.-M. Lau},
  url = {http://dx.doi.org/10.1016/S0362-546X(99)00296-5}
}

@BOOK{Safarik08,
  title = {{O}n the {I}nterpretation of the {B}olzano-{W}eierstra{\ss} {P}rinciple
	{U}sing {B}ar {R}ecursion},
  year = {2008},
  author = {P. Safarik},
  url = {http://www.mathematik.tu-darmstadt.de/~safarik/doc/dip.pdf}
}

@ARTICLE{Scarpellini71,
  author = {B. Scarpellini},
  title = {{A} model of bar recursion of higher types.},
  journal = {Compositio Mathematica},
  year = {1971},
  volume = {23},
  pages = {123--153}
}

@ARTICLE{Schwichtenberg07,
  author = {H. Schwichtenberg},
  title = {{D}ialectica {I}nterpretation of {W}ell-{F}ounded {I}nduction.},
  journal = {To appear: Mathematical Logic Quarterly}
}

@ARTICLE{Schwichtenberg79,
  author = {H. Schwichtenberg},
  title = {{O}n {B}ar {R}ecursion of {T}ypes $0$ and $1$},
  journal = {The Journal of Symbolic Logic},
  year = {1979},
  volume = {44},
  pages = {325--329}
}

@ARTICLE{Schuette60,
  author = {K. Sch{\"u}tte},
  title = {{B}eweistheorie},
  journal = {Die Grundlehren der Mathematischen Wissenschaften in Einzeldarstellungen},
  year = {1960},
  volume = {103},
  pages = {1--355},
  publisher = {Springer Verlag}
}

@BOOK{Simpson1999,
  title = {{S}ubsystems of second order arithmetic},
  publisher = {Springer-Verlag},
  year = {1999},
  author = {Simpson, Stephen G.},
  pages = {xiv+445},
  series = {Perspectives in Mathematical Logic},
  address = {Berlin},
  isbn = {3-540-64882-8},
  mrclass = {03F35 (03-02 03B30)},
  mrnumber = {1723993 (2001i:03126)},
  mrreviewer = {Michael M{\"o}llerfeld}
}

@INPROCEEDINGS{Spector62,
  author = {C. Spector},
  title = {{P}rovably recursive functionals of analysis: a consistency proof
	of an analysis by extension of principles formulated in current intuitionistic
	mathematics.},
  booktitle = {Recursive function Theory, Proceedings of Symposia in Pure Mathematics,
	vol. 5 (J.C.E. Dekker (ed.)), AMS, Providence, R.I.},
  year = {1962},
  pages = {1--27}
}

@INPROCEEDINGS{Tait76,
  author = {W. W. Tait},
  title = {{C}onstructive reasoning},
  booktitle = {Logic, methodology and the philosophy of science. {III}, (B. van
	Rootselaar and J. F. Staal (ed.)), North-Holland, Amsterdam},
  year = {1976},
  pages = {185--199}
}

@BOOK{Tao07,
  title = {{S}oft analysis, hard analysis, and the finite convergence principle},
  publisher = {Appeared in: `T. Tao, Structure and Randomness: Pages from Year One of a
Mathematical Blog. AMS, 298pp'},
  year = {2008},
  author = {T. Tao}
}

@article {tao-2007,
    AUTHOR = {Tao, Terence},
     TITLE = {Norm convergence of multiple ergodic averages for commuting
              transformations},
   JOURNAL = {Ergodic Theory Dynam. Systems},
  FJOURNAL = {Ergodic Theory and Dynamical Systems},
    VOLUME = {28},
      YEAR = {2008},
    NUMBER = {2},
     PAGES = {657--688},
      ISSN = {0143-3857},
   MRCLASS = {37A30 (28D05 47A35)},
  MRNUMBER = {2408398 (2009k:37012)},
MRREVIEWER = {Nikos Frantzikinakis},
       DOI = {10.1017/S0143385708000011},
       URL = {http://dx.doi.org/10.1017/S0143385708000011},
}

@BOOK{Troelstra73,
  title = {{M}athematical {I}nvestigation of {I}ntuitionistic {A}rithmetic and
	{A}nalysis},
  year = {1973},
  editor = {A. S. Troelstra},
  series = {Springer Lecture Notes in Mathematics, vol. 344}
}


@ARTICLE{Troelstra74,
  author = {A. S. Troelstra},
  title = {{N}ote on the {F}an {T}heorem},
  journal = {The Journal of Symbolic Logic},
  year = {1974},
  volume = {39},
  pages = {584--596}
}

@BOOK{Troelstra88,
  title = {{C}onstructivism in {M}athematics - an introduction vol.~{I},~{II}},
  publisher = {Elsevier Science B.V.},
  year = {1988},
  author = {A. S. Troelstra and D. van Dalen},
  series = {Studies in Logic and the Foundations of Mathematics}
}

@ARTICLE{Wittmann1992,
  author = {Wittmann, R.},
  title = {{A}pproximation of fixed points of nonexpansive mappings},
  journal = {Arch. Math. (Basel)},
  year = {1992},
  volume = {58},
  pages = {486--491},
  number = {5},
  coden = {ACVMAL},
  doi = {10.1007/BF01190119},
  fjournal = {Archiv der Mathematik},
  issn = {0003-889X},
  mrclass = {47H09 (47H10)},
  mrnumber = {1156581 (93c:47069)},
  mrreviewer = {B. E. Rhoades},
  url = {http://dx.doi.org/10.1007/BF01190119}
}

@ARTICLE{Wittmann90,
  author = {R. Wittmann},
  title = {{M}ean {E}rgodic {T}heorems for nonlinear operators},
  journal = {Proceedings of the AMS},
  year = {1990},
  volume = {108},
  pages = {781--788},
  number = {3}
}

@BOOK{Simpson99,
  title = {{S}ubsystems of {S}econd {O}rder {A}rithmetic},
  publisher = {Springer-Varlag, Berlin $\cdot$ Heidelberg $\cdot$ New York},
  year = {1999},
  editor = {S. G. Simpson},
  series = {Perspectives in Mathematical Logic}
}


